For an ARTICLE entry:
	REQUIRED FIELDS: author, title, journal, year
	OPTIONAL FIELDS: volume, number, pages, month, note

BIBLIOGRAPHY

inverses : Lester Hill
@article{hill,
  title="Cryptography in an Algebraic Alphabet",
  author="Hill, Lester S.",
  journal="Mathematical Monthly",
  volume="36",
  number="6",
  month="June-July",
  year="1929",
  pages="306-312"
}
@online{BBC-ASCII,
  date="2004-06-25",
  title="Technology | Key computer coding creator dies",
  author="BBC News Online",
  year="2004",
  month="June",
  note="\url{http://news.bbc.co.uk/2/hi/technology/3838845.stm}. Accessed January 27, 2021",
}
@book{hart,
  title="The Chinese Roots of Linear Algebra",
  author="Hart, Roger",
  publisher="Johns Hopkins University Press",
  year="2011"
}
@online{Yanghui,
  date="2009-08-11",
  title="Pascal's triangle",
  author="Hosch, William L.",
  year="2009",
  month="August",
  note="Encyclopedia Britannica. \url{https://www.britannica.com/science/Pascals-triangle}. Accessed January 29, 2021",
  organization="Encyclopedia Britannica"
}
